 @misc{brown_kaggle_2018, 
 title={Brown corpus of Standard American English by W. N. Francis and H. Kucera 1964}, 
 url={https://www.kaggle.com/datasets/nltkdata/brown-corpus}, 
 journal={Kaggle}, 
 author={Brown Corpus Data, {NTLK-Data}}, 
 year={2018}
 } 